// NLM
@article{bengio2003neural,
	title={A neural probabilistic language model},
	author={Bengio, Yoshua and Ducharme, R{\'e}jean and Vincent, Pascal and Jauvin, Christian},
	journal={Journal of machine learning research},
	volume={3},
	number={Feb},
	pages={1137--1155},
	year={2003}
}

// Lambada and similars
@article{paperno2016lambada,
	title={The LAMBADA dataset: Word prediction requiring a broad discourse context},
	author={Paperno, Denis and Kruszewski, Germ{\'a}n and Lazaridou, Angeliki and Pham, Quan Ngoc and Bernardi, Raffaella and Pezzelle, Sandro and Baroni, Marco and Boleda, Gemma and Fern{\'a}ndez, Raquel},
	journal={arXiv preprint arXiv:1606.06031},
	year={2016}
}

@article{jia2017adversarial,
	title={Adversarial Examples for Evaluating Reading Comprehension Systems},
	author={Jia, Robin and Liang, Percy},
	journal={arXiv preprint arXiv:1707.07328},
	year={2017}
}

// Extended LM models
@article{grave2016improving,
	  title={Improving neural language models with a continuous cache},
	  author={Grave, Edouard and Joulin, Armand and Usunier, Nicolas},
	  journal={arXiv preprint arXiv:1612.04426},
	  year={2016}
}

@article{daniluk2017frustratingly,
	title={Frustratingly Short Attention Spans in Neural Language Modeling},
	author={Daniluk, Micha{\l} and Rockt{\"a}schel, Tim and Welbl, Johannes and Riedel, Sebastian},
	journal={arXiv preprint arXiv:1702.04521},
	year={2017}
}

@article{merity2016pointer,
	title={Pointer sentinel mixture models},
	author={Merity, Stephen and Xiong, Caiming and Bradbury, James and Socher, Richard},
	journal={arXiv preprint arXiv:1609.07843},
	year={2016}
}

@article{gulcehre2016pointing,
	title={Pointing the unknown words},
	author={Gulcehre, Caglar and Ahn, Sungjin and Nallapati, Ramesh and Zhou, Bowen and Bengio, Yoshua},
	journal={arXiv preprint arXiv:1603.08148},
	year={2016}
}

@article{yang2016reference,
	title={Reference-Aware Language Models},
	author={Yang, Zichao and Blunsom, Phil and Dyer, Chris and Ling, Wang},
	journal={arXiv preprint arXiv:1611.01628},
	year={2016}
}

// Regularization
@article{zaremba2014recurrent,
	title={Recurrent neural network regularization},
	author={Zaremba, Wojciech and Sutskever, Ilya and Vinyals, Oriol},
	journal={arXiv preprint arXiv:1409.2329},
	year={2014}
}

@inproceedings{gal2016theoretically,
	title={A theoretically grounded application of dropout in recurrent neural networks},
	author={Gal, Yarin and Ghahramani, Zoubin},
	booktitle={Advances in neural information processing systems},
	pages={1019--1027},
	year={2016}
}

@article{semeniuta2016recurrent,
	title={Recurrent dropout without memory loss},
	author={Semeniuta, Stanislau and Severyn, Aliaksei and Barth, Erhardt},
	journal={arXiv preprint arXiv:1603.05118},
	year={2016}
}

@article{merity2017regularizing,
	title={Regularizing and Optimizing LSTM Language Models},
	author={Merity, Stephen and Keskar, Nitish Shirish and Socher, Richard},
	journal={arXiv preprint arXiv:1708.02182},
	year={2017}
}

@article{inan2016tying,
	title={Tying Word Vectors and Word Classifiers: A Loss Framework for Language Modeling},
	author={Inan, Hakan and Khosravi, Khashayar and Socher, Richard},
	journal={arXiv preprint arXiv:1611.01462},
	year={2016}
}