@article{grave16,
  author    = {Edouard Grave and
               Armand Joulin and
               Nicolas Usunier},
  title     = {Improving Neural Language Models with a Continuous Cache},
  journal   = {CoRR},
  volume    = {abs/1612.04426},
  year      = {2016},
  url       = {http://arxiv.org/abs/1612.04426},
  timestamp = {Wed, 07 Jun 2017 14:40:10 +0200},
  biburl    = {http://dblp.uni-trier.de/rec/bib/journals/corr/GraveJU16},
  bibsource = {dblp computer science bibliography, http://dblp.org}
}

@INPROCEEDINGS{liu08,
author={Yang Liu and Feifan Liu},
booktitle={2008 IEEE International Conference on Acoustics, Speech and Signal Processing},
title={Unsupervised language model adaptation via topic modeling based on named entity hypotheses},
year={2008},
pages={4921-4924},
keywords={natural language processing;speech recognition;unsupervised learning;Mandarin recognition system;N-best list rescoring;clustering;latent Dirichlet allocation;named entity hypotheses;speech recognition;topic analysis;topic modeling;unsupervised language model adaptation;Adaptation model;Broadcasting;Hidden Markov models;Information analysis;Linear discriminant analysis;Natural languages;Performance analysis;Speech analysis;Speech recognition;Text categorization;clustering;language model adaptation;latent Dirichlet allocation (LDA);named entities;rescoring},
doi={10.1109/ICASSP.2008.4518761},
ISSN={1520-6149},
month={March},}


@article{ji16,
  author    = {Yangfeng Ji and
               Gholamreza Haffari and
               Jacob Eisenstein},
  title     = {A Latent Variable Recurrent Neural Network for Discourse Relation
               Language Models},
  journal   = {CoRR},
  volume    = {abs/1603.01913},
  year      = {2016},
  url       = {http://arxiv.org/abs/1603.01913},
  timestamp = {Wed, 07 Jun 2017 14:42:26 +0200},
  biburl    = {http://dblp.uni-trier.de/rec/bib/journals/corr/JiHE16},
  bibsource = {dblp computer science bibliography, http://dblp.org}
}

@inproceedings{fu16,
  title={Improving Distributed Word Representation and Topic Model by Word-Topic Mixture Model},
  author={Fu, Xianghua and Wang, Ting and Li, Jing and Yu, Chong and Liu, Wangwang},
  booktitle={Proceedings of The 8th Asian Conference on Machine Learning},
  pages={190--205},
  year={2016}
}

@article{qiang16,
  author    = {Jipeng Qiang and
               Ping Chen and
               Tong Wang and
               Xindong Wu},
  title     = {Topic Modeling over Short Texts by Incorporating Word Embeddings},
  journal   = {CoRR},
  volume    = {abs/1609.08496},
  year      = {2016},
  url       = {http://arxiv.org/abs/1609.08496},
  timestamp = {Wed, 07 Jun 2017 14:41:13 +0200},
  biburl    = {http://dblp.uni-trier.de/rec/bib/journals/corr/QiangCWW16},
  bibsource = {dblp computer science bibliography, http://dblp.org}
}

@article{serban16,
  author    = {Iulian Vlad Serban and
               Alessandro Sordoni and
               Ryan Lowe and
               Laurent Charlin and
               Joelle Pineau and
               Aaron C. Courville and
               Yoshua Bengio},
  title     = {A Hierarchical Latent Variable Encoder-Decoder Model for Generating
               Dialogues},
  journal   = {CoRR},
  volume    = {abs/1605.06069},
  year      = {2016},
  url       = {http://arxiv.org/abs/1605.06069},
  timestamp = {Wed, 07 Jun 2017 14:40:49 +0200},
  biburl    = {http://dblp.uni-trier.de/rec/bib/journals/corr/SerbanSLCPCB16},
  bibsource = {dblp computer science bibliography, http://dblp.org}
}


@article{zhang16,
  author    = {Biao Zhang and
               Deyi Xiong and
               Jinsong Su},
  title     = {Variational Neural Discourse Relation Recognizer},
  journal   = {CoRR},
  volume    = {abs/1603.03876},
  year      = {2016},
  url       = {http://arxiv.org/abs/1603.03876},
  timestamp = {Wed, 07 Jun 2017 14:42:50 +0200},
  biburl    = {http://dblp.uni-trier.de/rec/bib/journals/corr/ZhangXS16a},
  bibsource = {dblp computer science bibliography, http://dblp.org}
}

@article{wang17,
  author    = {Longyue Wang and
               Zhaopeng Tu and
               Andy Way and
               Qun Liu},
  title     = {Exploiting Cross-Sentence Context for Neural Machine Translation},
  journal   = {CoRR},
  volume    = {abs/1704.04347},
  year      = {2017},
  url       = {http://arxiv.org/abs/1704.04347},
  timestamp = {Wed, 07 Jun 2017 14:40:32 +0200},
  biburl    = {http://dblp.uni-trier.de/rec/bib/journals/corr/WangTWL17},
  bibsource = {dblp computer science bibliography, http://dblp.org}
}

@inproceedings{fraccaro2016,
  author    = {Marco Fraccaro and
               S{\o}ren Kaae S{\o}nderby and
               Ulrich Paquet and
               Ole Winther},
  title     = {Sequential Neural Models with Stochastic Layers},
  booktitle = {Advances in Neural Information Processing Systems 29: Annual Conference
               on Neural Information Processing Systems 2016, December 5-10, 2016,
               Barcelona, Spain},
  pages     = {2199--2207},
  year      = {2016},
  url       = {http://papers.nips.cc/paper/6039-sequential-neural-models-with-stochastic-layers},
  timestamp = {Fri, 03 Mar 2017 14:59:41 +0100},
  biburl    = {http://dblp.uni-trier.de/rec/bib/conf/nips/FraccaroSPW16},
  bibsource = {dblp computer science bibliography, http://dblp.org},
  keywords = {Latent model, variational inference, recurrent neural network},
  note = {NIPS}
}

@article{bayer2014learning,
  title={Learning stochastic recurrent networks},
  author={Bayer, Justin and Osendorfer, Christian},
  journal={arXiv preprint arXiv:1411.7610},
  year={2014},
  keywords={latent variable, RNN, variational },
  note={arXiv}
}



@article{chungKDGCB15,
  author    = {Junyoung Chung and
               Kyle Kastner and
               Laurent Dinh and
               Kratarth Goel and
               Aaron C. Courville and
               Yoshua Bengio},
  title     = {A Recurrent Latent Variable Model for Sequential Data},
  journal   = {CoRR},
  volume    = {abs/1506.02216},
  year      = {2015},
  url       = {http://arxiv.org/abs/1506.02216},
  timestamp = {Wed, 01 Jul 2015 15:10:24 +0200},
  biburl    = {http://dblp.uni-trier.de/rec/bib/journals/corr/ChungKDGCB15},
  bibsource = {dblp computer science bibliography, http://dblp.org},
  keywords={variational inference, latent model, sequence model}
}


@article{krishnan16,
	author = {Rahul Krishnan and Uri Shalit and David Sontag},
	title = {Structured Inference Networks for Nonlinear State Space Models},
	conference = {AAAI Conference on Artificial Intelligence},
	year = {2017},
	url = {https://aaai.org/ocs/index.php/AAAI/AAAI17/paper/view/14215},
	kewords = {smoothing, variational inference, latent model, sequence model}
}